%YAML 1.1
%TAG !u! tag:unity3d.com,2011:
--- !u!1 &5330936574083377168
GameObject:
  m_ObjectHideFlags: 0
  m_CorrespondingSourceObject: {fileID: 0}
  m_PrefabInstance: {fileID: 0}
  m_PrefabAsset: {fileID: 0}
  serializedVersion: 6
  m_Component:
  - component: {fileID: 3372383951111038368}
  m_Layer: 6
  m_Name: StepEdgeGroup2
  m_TagString: Untagged
  m_Icon: {fileID: 0}
  m_NavMeshLayer: 0
  m_StaticEditorFlags: 0
  m_IsActive: 1
--- !u!4 &3372383951111038368
Transform:
  m_ObjectHideFlags: 0
  m_CorrespondingSourceObject: {fileID: 0}
  m_PrefabInstance: {fileID: 0}
  m_PrefabAsset: {fileID: 0}
  m_GameObject: {fileID: 5330936574083377168}
  m_LocalRotation: {x: 0, y: 0, z: 0, w: 1}
  m_LocalPosition: {x: 0, y: 0, z: 0}
  m_LocalScale: {x: 1, y: 1, z: 1}
  m_ConstrainProportionsScale: 0
  m_Children:
  - {fileID: 4774682955988819147}
  - {fileID: 1932979700192309582}
  - {fileID: 3301993445707962654}
  - {fileID: 5545459951556821894}
  - {fileID: 7382816005499066003}
  m_Father: {fileID: 0}
  m_RootOrder: 0
  m_LocalEulerAnglesHint: {x: 0, y: 0, z: 0}
--- !u!1001 &414409738355291696
PrefabInstance:
  m_ObjectHideFlags: 0
  serializedVersion: 2
  m_Modification:
    m_TransformParent: {fileID: 3372383951111038368}
    m_Modifications:
    - target: {fileID: 2884062049098702308, guid: 54bcfb9f07cacf54988ac7d96ec706e2,
        type: 3}
      propertyPath: m_Name
      value: Free_Snow_3 (57)
      objectReference: {fileID: 0}
    - target: {fileID: 2887738635954057006, guid: 54bcfb9f07cacf54988ac7d96ec706e2,
        type: 3}
      propertyPath: m_RootOrder
      value: 2
      objectReference: {fileID: 0}
    - target: {fileID: 2887738635954057006, guid: 54bcfb9f07cacf54988ac7d96ec706e2,
        type: 3}
      propertyPath: m_LocalScale.x
      value: 1.9360716
      objectReference: {fileID: 0}
    - target: {fileID: 2887738635954057006, guid: 54bcfb9f07cacf54988ac7d96ec706e2,
        type: 3}
      propertyPath: m_LocalScale.z
      value: 1.9360716
      objectReference: {fileID: 0}
    - target: {fileID: 2887738635954057006, guid: 54bcfb9f07cacf54988ac7d96ec706e2,
        type: 3}
      propertyPath: m_LocalPosition.x
      value: -84.28045
      objectReference: {fileID: 0}
    - target: {fileID: 2887738635954057006, guid: 54bcfb9f07cacf54988ac7d96ec706e2,
        type: 3}
      propertyPath: m_LocalPosition.y
      value: -13.83
      objectReference: {fileID: 0}
    - target: {fileID: 2887738635954057006, guid: 54bcfb9f07cacf54988ac7d96ec706e2,
        type: 3}
      propertyPath: m_LocalPosition.z
      value: 132.60931
      objectReference: {fileID: 0}
    - target: {fileID: 2887738635954057006, guid: 54bcfb9f07cacf54988ac7d96ec706e2,
        type: 3}
      propertyPath: m_LocalRotation.w
      value: 0.7060004
      objectReference: {fileID: 0}
    - target: {fileID: 2887738635954057006, guid: 54bcfb9f07cacf54988ac7d96ec706e2,
        type: 3}
      propertyPath: m_LocalRotation.x
      value: -0
      objectReference: {fileID: 0}
    - target: {fileID: 2887738635954057006, guid: 54bcfb9f07cacf54988ac7d96ec706e2,
        type: 3}
      propertyPath: m_LocalRotation.y
      value: -0.70821154
      objectReference: {fileID: 0}
    - target: {fileID: 2887738635954057006, guid: 54bcfb9f07cacf54988ac7d96ec706e2,
        type: 3}
      propertyPath: m_LocalRotation.z
      value: -0
      objectReference: {fileID: 0}
    - target: {fileID: 2887738635954057006, guid: 54bcfb9f07cacf54988ac7d96ec706e2,
        type: 3}
      propertyPath: m_LocalEulerAnglesHint.x
      value: 0
      objectReference: {fileID: 0}
    - target: {fileID: 2887738635954057006, guid: 54bcfb9f07cacf54988ac7d96ec706e2,
        type: 3}
      propertyPath: m_LocalEulerAnglesHint.y
      value: -90.179
      objectReference: {fileID: 0}
    - target: {fileID: 2887738635954057006, guid: 54bcfb9f07cacf54988ac7d96ec706e2,
        type: 3}
      propertyPath: m_LocalEulerAnglesHint.z
      value: 0
      objectReference: {fileID: 0}
    m_RemovedComponents: []
  m_SourcePrefab: {fileID: 100100000, guid: 54bcfb9f07cacf54988ac7d96ec706e2, type: 3}
--- !u!4 &3301993445707962654 stripped
Transform:
  m_CorrespondingSourceObject: {fileID: 2887738635954057006, guid: 54bcfb9f07cacf54988ac7d96ec706e2,
    type: 3}
  m_PrefabInstance: {fileID: 414409738355291696}
  m_PrefabAsset: {fileID: 0}
--- !u!1001 &4555687927424332189
PrefabInstance:
  m_ObjectHideFlags: 0
  serializedVersion: 2
  m_Modification:
    m_TransformParent: {fileID: 3372383951111038368}
    m_Modifications:
    - target: {fileID: 2730203858795261201, guid: 1a50f15475161f649852ef47d23f71bd,
        type: 3}
      propertyPath: m_Name
      value: Free_Snow_2 (27)
      objectReference: {fileID: 0}
    - target: {fileID: 2732098119388446931, guid: 1a50f15475161f649852ef47d23f71bd,
        type: 3}
      propertyPath: m_RootOrder
      value: 1
      objectReference: {fileID: 0}
    - target: {fileID: 2732098119388446931, guid: 1a50f15475161f649852ef47d23f71bd,
        type: 3}
      propertyPath: m_LocalPosition.x
      value: -81.73049
      objectReference: {fileID: 0}
    - target: {fileID: 2732098119388446931, guid: 1a50f15475161f649852ef47d23f71bd,
        type: 3}
      propertyPath: m_LocalPosition.y
      value: -13.825415
      objectReference: {fileID: 0}
    - target: {fileID: 2732098119388446931, guid: 1a50f15475161f649852ef47d23f71bd,
        type: 3}
      propertyPath: m_LocalPosition.z
      value: 132.566
      objectReference: {fileID: 0}
    - target: {fileID: 2732098119388446931, guid: 1a50f15475161f649852ef47d23f71bd,
        type: 3}
      propertyPath: m_LocalRotation.w
      value: 0.73835355
      objectReference: {fileID: 0}
    - target: {fileID: 2732098119388446931, guid: 1a50f15475161f649852ef47d23f71bd,
        type: 3}
      propertyPath: m_LocalRotation.x
      value: -0
      objectReference: {fileID: 0}
    - target: {fileID: 2732098119388446931, guid: 1a50f15475161f649852ef47d23f71bd,
        type: 3}
      propertyPath: m_LocalRotation.y
      value: -0.67441386
      objectReference: {fileID: 0}
    - target: {fileID: 2732098119388446931, guid: 1a50f15475161f649852ef47d23f71bd,
        type: 3}
      propertyPath: m_LocalRotation.z
      value: -0
      objectReference: {fileID: 0}
    - target: {fileID: 2732098119388446931, guid: 1a50f15475161f649852ef47d23f71bd,
        type: 3}
      propertyPath: m_LocalEulerAnglesHint.x
      value: 0
      objectReference: {fileID: 0}
    - target: {fileID: 2732098119388446931, guid: 1a50f15475161f649852ef47d23f71bd,
        type: 3}
      propertyPath: m_LocalEulerAnglesHint.y
      value: -84.817
      objectReference: {fileID: 0}
    - target: {fileID: 2732098119388446931, guid: 1a50f15475161f649852ef47d23f71bd,
        type: 3}
      propertyPath: m_LocalEulerAnglesHint.z
      value: 0
      objectReference: {fileID: 0}
    m_RemovedComponents: []
  m_SourcePrefab: {fileID: 100100000, guid: 1a50f15475161f649852ef47d23f71bd, type: 3}
--- !u!4 &1932979700192309582 stripped
Transform:
  m_CorrespondingSourceObject: {fileID: 2732098119388446931, guid: 1a50f15475161f649852ef47d23f71bd,
    type: 3}
  m_PrefabInstance: {fileID: 4555687927424332189}
  m_PrefabAsset: {fileID: 0}
--- !u!1001 &5649280812909164989
PrefabInstance:
  m_ObjectHideFlags: 0
  serializedVersion: 2
  m_Modification:
    m_TransformParent: {fileID: 3372383951111038368}
    m_Modifications:
    - target: {fileID: 2884062049098702308, guid: 54bcfb9f07cacf54988ac7d96ec706e2,
        type: 3}
      propertyPath: m_Name
      value: Free_Snow_3 (58)
      objectReference: {fileID: 0}
    - target: {fileID: 2887738635954057006, guid: 54bcfb9f07cacf54988ac7d96ec706e2,
        type: 3}
      propertyPath: m_RootOrder
      value: 4
      objectReference: {fileID: 0}
    - target: {fileID: 2887738635954057006, guid: 54bcfb9f07cacf54988ac7d96ec706e2,
        type: 3}
      propertyPath: m_LocalScale.x
      value: 1.9360714
      objectReference: {fileID: 0}
    - target: {fileID: 2887738635954057006, guid: 54bcfb9f07cacf54988ac7d96ec706e2,
        type: 3}
      propertyPath: m_LocalScale.z
      value: 1.9360714
      objectReference: {fileID: 0}
    - target: {fileID: 2887738635954057006, guid: 54bcfb9f07cacf54988ac7d96ec706e2,
        type: 3}
      propertyPath: m_LocalPosition.x
      value: -89.26746
      objectReference: {fileID: 0}
    - target: {fileID: 2887738635954057006, guid: 54bcfb9f07cacf54988ac7d96ec706e2,
        type: 3}
      propertyPath: m_LocalPosition.y
      value: -13.83
      objectReference: {fileID: 0}
    - target: {fileID: 2887738635954057006, guid: 54bcfb9f07cacf54988ac7d96ec706e2,
        type: 3}
      propertyPath: m_LocalPosition.z
      value: 131.68234
      objectReference: {fileID: 0}
    - target: {fileID: 2887738635954057006, guid: 54bcfb9f07cacf54988ac7d96ec706e2,
        type: 3}
      propertyPath: m_LocalRotation.w
      value: 0.6282736
      objectReference: {fileID: 0}
    - target: {fileID: 2887738635954057006, guid: 54bcfb9f07cacf54988ac7d96ec706e2,
        type: 3}
      propertyPath: m_LocalRotation.x
      value: -0
      objectReference: {fileID: 0}
    - target: {fileID: 2887738635954057006, guid: 54bcfb9f07cacf54988ac7d96ec706e2,
        type: 3}
      propertyPath: m_LocalRotation.y
      value: -0.7779925
      objectReference: {fileID: 0}
    - target: {fileID: 2887738635954057006, guid: 54bcfb9f07cacf54988ac7d96ec706e2,
        type: 3}
      propertyPath: m_LocalRotation.z
      value: -0
      objectReference: {fileID: 0}
    - target: {fileID: 2887738635954057006, guid: 54bcfb9f07cacf54988ac7d96ec706e2,
        type: 3}
      propertyPath: m_LocalEulerAnglesHint.x
      value: 0
      objectReference: {fileID: 0}
    - target: {fileID: 2887738635954057006, guid: 54bcfb9f07cacf54988ac7d96ec706e2,
        type: 3}
      propertyPath: m_LocalEulerAnglesHint.y
      value: -102.154
      objectReference: {fileID: 0}
    - target: {fileID: 2887738635954057006, guid: 54bcfb9f07cacf54988ac7d96ec706e2,
        type: 3}
      propertyPath: m_LocalEulerAnglesHint.z
      value: 0
      objectReference: {fileID: 0}
    m_RemovedComponents: []
  m_SourcePrefab: {fileID: 100100000, guid: 54bcfb9f07cacf54988ac7d96ec706e2, type: 3}
--- !u!4 &7382816005499066003 stripped
Transform:
  m_CorrespondingSourceObject: {fileID: 2887738635954057006, guid: 54bcfb9f07cacf54988ac7d96ec706e2,
    type: 3}
  m_PrefabInstance: {fileID: 5649280812909164989}
  m_PrefabAsset: {fileID: 0}
--- !u!1001 &7574828839572489045
PrefabInstance:
  m_ObjectHideFlags: 0
  serializedVersion: 2
  m_Modification:
    m_TransformParent: {fileID: 3372383951111038368}
    m_Modifications:
    - target: {fileID: 2730203858795261201, guid: 1a50f15475161f649852ef47d23f71bd,
        type: 3}
      propertyPath: m_Name
      value: Free_Snow_2 (28)
      objectReference: {fileID: 0}
    - target: {fileID: 2732098119388446931, guid: 1a50f15475161f649852ef47d23f71bd,
        type: 3}
      propertyPath: m_RootOrder
      value: 3
      objectReference: {fileID: 0}
    - target: {fileID: 2732098119388446931, guid: 1a50f15475161f649852ef47d23f71bd,
        type: 3}
      propertyPath: m_LocalPosition.x
      value: -86.76401
      objectReference: {fileID: 0}
    - target: {fileID: 2732098119388446931, guid: 1a50f15475161f649852ef47d23f71bd,
        type: 3}
      propertyPath: m_LocalPosition.y
      value: -13.825415
      objectReference: {fileID: 0}
    - target: {fileID: 2732098119388446931, guid: 1a50f15475161f649852ef47d23f71bd,
        type: 3}
      propertyPath: m_LocalPosition.z
      value: 132.1691
      objectReference: {fileID: 0}
    - target: {fileID: 2732098119388446931, guid: 1a50f15475161f649852ef47d23f71bd,
        type: 3}
      propertyPath: m_LocalRotation.w
      value: 0.6639758
      objectReference: {fileID: 0}
    - target: {fileID: 2732098119388446931, guid: 1a50f15475161f649852ef47d23f71bd,
        type: 3}
      propertyPath: m_LocalRotation.x
      value: -0
      objectReference: {fileID: 0}
    - target: {fileID: 2732098119388446931, guid: 1a50f15475161f649852ef47d23f71bd,
        type: 3}
      propertyPath: m_LocalRotation.y
      value: -0.7477541
      objectReference: {fileID: 0}
    - target: {fileID: 2732098119388446931, guid: 1a50f15475161f649852ef47d23f71bd,
        type: 3}
      propertyPath: m_LocalRotation.z
      value: -0
      objectReference: {fileID: 0}
    - target: {fileID: 2732098119388446931, guid: 1a50f15475161f649852ef47d23f71bd,
        type: 3}
      propertyPath: m_LocalEulerAnglesHint.x
      value: 0
      objectReference: {fileID: 0}
    - target: {fileID: 2732098119388446931, guid: 1a50f15475161f649852ef47d23f71bd,
        type: 3}
      propertyPath: m_LocalEulerAnglesHint.y
      value: -96.792
      objectReference: {fileID: 0}
    - target: {fileID: 2732098119388446931, guid: 1a50f15475161f649852ef47d23f71bd,
        type: 3}
      propertyPath: m_LocalEulerAnglesHint.z
      value: 0
      objectReference: {fileID: 0}
    m_RemovedComponents: []
  m_SourcePrefab: {fileID: 100100000, guid: 1a50f15475161f649852ef47d23f71bd, type: 3}
--- !u!4 &5545459951556821894 stripped
Transform:
  m_CorrespondingSourceObject: {fileID: 2732098119388446931, guid: 1a50f15475161f649852ef47d23f71bd,
    type: 3}
  m_PrefabInstance: {fileID: 7574828839572489045}
  m_PrefabAsset: {fileID: 0}
--- !u!1001 &7660722079823901669
PrefabInstance:
  m_ObjectHideFlags: 0
  serializedVersion: 2
  m_Modification:
    m_TransformParent: {fileID: 3372383951111038368}
    m_Modifications:
    - target: {fileID: 2884062049098702308, guid: 54bcfb9f07cacf54988ac7d96ec706e2,
        type: 3}
      propertyPath: m_Name
      value: Free_Snow_3 (56)
      objectReference: {fileID: 0}
    - target: {fileID: 2887738635954057006, guid: 54bcfb9f07cacf54988ac7d96ec706e2,
        type: 3}
      propertyPath: m_RootOrder
      value: 0
      objectReference: {fileID: 0}
    - target: {fileID: 2887738635954057006, guid: 54bcfb9f07cacf54988ac7d96ec706e2,
        type: 3}
      propertyPath: m_LocalScale.x
      value: 1.9360715
      objectReference: {fileID: 0}
    - target: {fileID: 2887738635954057006, guid: 54bcfb9f07cacf54988ac7d96ec706e2,
        type: 3}
      propertyPath: m_LocalScale.z
      value: 1.9360715
      objectReference: {fileID: 0}
    - target: {fileID: 2887738635954057006, guid: 54bcfb9f07cacf54988ac7d96ec706e2,
        type: 3}
      propertyPath: m_LocalPosition.x
      value: -78.65995
      objectReference: {fileID: 0}
    - target: {fileID: 2887738635954057006, guid: 54bcfb9f07cacf54988ac7d96ec706e2,
        type: 3}
      propertyPath: m_LocalPosition.y
      value: -13.83
      objectReference: {fileID: 0}
    - target: {fileID: 2887738635954057006, guid: 54bcfb9f07cacf54988ac7d96ec706e2,
        type: 3}
      propertyPath: m_LocalPosition.z
      value: 132.82483
      objectReference: {fileID: 0}
    - target: {fileID: 2887738635954057006, guid: 54bcfb9f07cacf54988ac7d96ec706e2,
        type: 3}
      propertyPath: m_LocalRotation.w
      value: 0.58508295
      objectReference: {fileID: 0}
    - target: {fileID: 2887738635954057006, guid: 54bcfb9f07cacf54988ac7d96ec706e2,
        type: 3}
      propertyPath: m_LocalRotation.x
      value: -0
      objectReference: {fileID: 0}
    - target: {fileID: 2887738635954057006, guid: 54bcfb9f07cacf54988ac7d96ec706e2,
        type: 3}
      propertyPath: m_LocalRotation.y
      value: -0.81097347
      objectReference: {fileID: 0}
    - target: {fileID: 2887738635954057006, guid: 54bcfb9f07cacf54988ac7d96ec706e2,
        type: 3}
      propertyPath: m_LocalRotation.z
      value: -0
      objectReference: {fileID: 0}
    - target: {fileID: 2887738635954057006, guid: 54bcfb9f07cacf54988ac7d96ec706e2,
        type: 3}
      propertyPath: m_LocalEulerAnglesHint.x
      value: 0
      objectReference: {fileID: 0}
    - target: {fileID: 2887738635954057006, guid: 54bcfb9f07cacf54988ac7d96ec706e2,
        type: 3}
      propertyPath: m_LocalEulerAnglesHint.y
      value: -108.382
      objectReference: {fileID: 0}
    - target: {fileID: 2887738635954057006, guid: 54bcfb9f07cacf54988ac7d96ec706e2,
        type: 3}
      propertyPath: m_LocalEulerAnglesHint.z
      value: 0
      objectReference: {fileID: 0}
    m_RemovedComponents: []
  m_SourcePrefab: {fileID: 100100000, guid: 54bcfb9f07cacf54988ac7d96ec706e2, type: 3}
--- !u!4 &4774682955988819147 stripped
Transform:
  m_CorrespondingSourceObject: {fileID: 2887738635954057006, guid: 54bcfb9f07cacf54988ac7d96ec706e2,
    type: 3}
  m_PrefabInstance: {fileID: 7660722079823901669}
  m_PrefabAsset: {fileID: 0}
